[gd_scene load_steps=10 format=3 uid="uid://csgg3cio0sa8a"]

[ext_resource type="Script" path="res://Scripts/ManagerCreditos.gd" id="1_vijgj"]
[ext_resource type="Texture2D" uid="uid://cs7qv0rbrcmed" path="res://icon.svg" id="1_wecuo"]
[ext_resource type="FontFile" uid="uid://eixkmvkpbq1f" path="res://Assets/Fonts/HelvetiPixel.ttf" id="2_llyg6"]
[ext_resource type="Script" path="res://Scripts/ScriptCreditos.gd" id="3_7fnfe"]
[ext_resource type="AudioStream" uid="uid://c5dv8gnks3ccx" path="res://Assets/Audio/2124.mp3" id="4_fbu6e"]

[sub_resource type="Animation" id="Animation_aap2w"]
resource_name = "AnimacionABlanco"
tracks/0/type = "value"
tracks/0/imported = false
tracks/0/enabled = true
tracks/0/path = NodePath("ColorRect:color")
tracks/0/interp = 1
tracks/0/loop_wrap = true
tracks/0/keys = {
"times": PackedFloat32Array(0, 1),
"transitions": PackedFloat32Array(1, 1),
"update": 0,
"values": [Color(0, 0, 0, 1), Color(0, 0, 0, 0)]
}

[sub_resource type="Animation" id="Animation_kepli"]
resource_name = "AnimacionANegro"
tracks/0/type = "value"
tracks/0/imported = false
tracks/0/enabled = true
tracks/0/path = NodePath("ColorRect:color")
tracks/0/interp = 1
tracks/0/loop_wrap = true
tracks/0/keys = {
"times": PackedFloat32Array(0, 1),
"transitions": PackedFloat32Array(1, 1),
"update": 0,
"values": [Color(0, 0, 0, 0), Color(0, 0, 0, 1)]
}

[sub_resource type="Animation" id="Animation_tsl2n"]
length = 0.001
tracks/0/type = "value"
tracks/0/imported = false
tracks/0/enabled = true
tracks/0/path = NodePath("ColorRect:color")
tracks/0/interp = 1
tracks/0/loop_wrap = true
tracks/0/keys = {
"times": PackedFloat32Array(0),
"transitions": PackedFloat32Array(1),
"update": 0,
"values": [Color(0, 0, 0, 0)]
}

[sub_resource type="AnimationLibrary" id="AnimationLibrary_h4qi0"]
_data = {
"AnimacionABlanco": SubResource("Animation_aap2w"),
"AnimacionANegro": SubResource("Animation_kepli"),
"RESET": SubResource("Animation_tsl2n")
}

[node name="Creditos" type="Node2D"]
script = ExtResource("1_vijgj")

[node name="CanvasLayer" type="CanvasLayer" parent="."]

[node name="Sprite2D" type="Sprite2D" parent="CanvasLayer"]
modulate = Color(0, 0, 0, 1)
position = Vector2(318, 189)
scale = Vector2(7.04688, 4.05469)
texture = ExtResource("1_wecuo")

[node name="Label" type="Label" parent="CanvasLayer"]
anchors_preset = 5
anchor_left = 0.5
anchor_right = 0.5
offset_left = -192.0
offset_top = 256.0
offset_right = 192.0
offset_bottom = 1403.0
grow_horizontal = 2
theme_override_fonts/font = ExtResource("2_llyg6")
theme_override_font_sizes/font_size = 70
text = "107.FM

Idea Original:
Lucas Gomila

Programacion:
Lucas Gomila

Game Design:
Lucas Gomila

Musica:
Lucas Gomila

"
horizontal_alignment = 1
script = ExtResource("3_7fnfe")
metadata/_edit_group_ = true

[node name="AudioStreamPlayer" type="AudioStreamPlayer" parent="."]
stream = ExtResource("4_fbu6e")
volume_db = -7.913
autoplay = true

[node name="CanvasFade" type="CanvasLayer" parent="."]

[node name="AnimationPlayer" type="AnimationPlayer" parent="CanvasFade"]
libraries = {
"": SubResource("AnimationLibrary_h4qi0")
}
speed_scale = 0.808

[node name="ColorRect" type="ColorRect" parent="CanvasFade"]
offset_right = 653.0
offset_bottom = 404.0
color = Color(0, 0, 0, 0)
metadata/_edit_use_anchors_ = true

[connection signal="finished" from="AudioStreamPlayer" to="." method="_on_audio_stream_player_finished"]
[connection signal="animation_finished" from="CanvasFade/AnimationPlayer" to="." method="_on_animation_player_animation_finished"]
